@INPROCEEDINGS{7298801,
  author={Zhirong Wu and Song, Shuran and Khosla, Aditya and Fisher Yu and Linguang Zhang and Xiaoou Tang and Xiao, Jianxiong},
  booktitle={2015 IEEE Conference on Computer Vision and Pattern Recognition (CVPR)}, 
  title={3D ShapeNets: A deep representation for volumetric shapes}, 
  year={2015},
  volume={},
  number={},
  pages={1912-1920},
  doi={10.1109/CVPR.2015.7298801}}

@INPROCEEDINGS{7353481,
  author={Maturana, Daniel and Scherer, Sebastian},
  booktitle={2015 IEEE/RSJ International Conference on Intelligent Robots and Systems (IROS)}, 
  title={VoxNet: A 3D Convolutional Neural Network for real-time object recognition}, 
  year={2015},
  volume={},
  number={},
  pages={922-928},
  doi={10.1109/IROS.2015.7353481}}

@misc{mao2021voxel,
      title={Voxel Transformer for 3D Object Detection}, 
      author={Jiageng Mao and Yujing Xue and Minzhe Niu and Haoyue Bai and Jiashi Feng and Xiaodan Liang and Hang Xu and Chunjing Xu},
      year={2021},
      eprint={2109.02497},
      archivePrefix={arXiv},
      primaryClass={cs.CV}
}

@inproceedings{Zargham-2011,
	Author = {M. Zargham and A. Ribeiro and A. Ozdaglar and A. Jadbabaie},
	Title = {{Accelerated dual descent for network optimization}},
	Booktitle = {{American Control Conference}},
	Address = {{San Francisco, CA, US}},
	Month = jun,
	Year = {2011}
	}

@inproceedings{Sadler-2006,
	Author = {Christopher M. Sadler and Margaret Martonosi},
	Title = {{Data compression algorithms for energy-constrained devices in delay tolerant networks}},
	Address = {{Boulder, CO, US}},
	Booktitle = {{ACM SenSys}},
	Month = oct,
	Year = {2006}
	}
	
@article{Shannon-1948,
	Author = {C. E. Shannon},
	Title = {A mathematical theory of communication},
	Journal = {{The Bell System Technical Journal}},
	Volume = {27},
	Number = {3},
	Month = jul,
	Pages = {379-423},
	Year = {1948}
	}
	
@article{Boyd-2011,
	Author = {Stephen Boyd and Neal Parikh and Eric Chu and Borja PeleatoÂ and Jonathan Eckstein},
	Title = {{Distributed Optimization and Statistical Learning via the Alternating Direction Method of Multipliers}},
	Journal = {{Foundations and Trends in Machine Learning}},
	Volume = {3},
	Number = {1},
	Month = jan,
	Pages = {1--122},
	Year = {2011}
	}

@article{Zordan-2014,
	Author = {Zordan, Davide and Martinez, Borja and Vilajosana, Ignasi and Rossi, Michele},
	Title = {{On the Performance of Lossy Compression Schemes for Energy Constrained Sensor Networking}},
	Journal = {{ACM Transactions on Sensor Networks}},
	Volume = {11},
	Number = {1},
	Pages = {15:1--15:34},
	Month = aug,
	Year = {2014}
	}

@misc{liu2019pointvoxel,
      title={Point-Voxel CNN for Efficient 3D Deep Learning}, 
      author={Zhijian Liu and Haotian Tang and Yujun Lin and Song Han},
      year={2019},
      eprint={1907.03739},
      archivePrefix={arXiv},
      primaryClass={cs.CV}
}
@misc{sedaghat2017orientationboosted,
      title={Orientation-boosted Voxel Nets for 3D Object Recognition}, 
      author={Nima Sedaghat and Mohammadreza Zolfaghari and Ehsan Amiri and Thomas Brox},
      year={2017},
      eprint={1604.03351},
      archivePrefix={arXiv},
      primaryClass={cs.CV}
}

@misc{graham2017submanifold,
      title={Submanifold Sparse Convolutional Networks}, 
      author={Benjamin Graham and Laurens van der Maaten},
      year={2017},
      eprint={1706.01307},
      archivePrefix={arXiv},
      primaryClass={cs.NE}
}

@article{Zhou2018,
   author  = {Qian-Yi Zhou and Jaesik Park and Vladlen Koltun},
   title   = {{Open3D}: {A} Modern Library for {3D} Data Processing},
   journal = {arXiv:1801.09847},
   year    = {2018},
}

@misc{zhong2017random,
      title={Random Erasing Data Augmentation}, 
      author={Zhun Zhong and Liang Zheng and Guoliang Kang and Shaozi Li and Yi Yang},
      year={2017},
      eprint={1708.04896},
      archivePrefix={arXiv},
      primaryClass={cs.CV}
}

@misc{devries2017improved,
      title={Improved Regularization of Convolutional Neural Networks with Cutout}, 
      author={Terrance DeVries and Graham W. Taylor},
      year={2017},
      eprint={1708.04552},
      archivePrefix={arXiv},
      primaryClass={cs.CV}
}